{
  "leader": "02139cam a2200409Ii 4500",
  "fields": [
    {
      "001": "ocm02111593\\"
    },
    {
      "003": "OCoLC"
    },
    {
      "005": "20211116145419.0"
    },
    {
      "008": "760414s1925\\\\\\\\nyu\\\\\\\\\\\\b\\\\\\\\000\\0\\eng\\\\"
    },
    {
      "010": {
        "ind1": "\\",
        "ind2": "\\",
        "subfields": [
          {
            "a": "   25011012 "
          }
        ]
      }
    },
    {
      "016": {
        "ind1": "\\",
        "ind2": "\\",
        "subfields": [
          {
            "a": "(AMICUS)000013787833"
          }
        ]
      }
    },
    {
      "019": {
        "ind1": "\\",
        "ind2": "\\",
        "subfields": [
          {
            "a": "1006183491"
          },
          {
            "a": "1046089405"
          },
          {
            "a": "1130242012"
          },
          {
            "a": "1157736382"
          },
          {
            "a": "1248423718"
          }
        ]
      }
    },
    {
      "035": {
        "ind1": "\\",
        "ind2": "\\",
        "subfields": [
          {
            "a": "(OCoLC)2111593"
          },
          {
            "z": "(OCoLC)1006183491"
          },
          {
            "z": "(OCoLC)1046089405"
          },
          {
            "z": "(OCoLC)1130242012"
          },
          {
            "z": "(OCoLC)1157736382"
          },
          {
            "z": "(OCoLC)1248423718"
          }
        ]
      }
    },
    {
      "040": {
        "ind1": "\\",
        "ind2": "\\",
        "subfields": [
          {
            "a": "DLC"
          },
          {
            "b": "eng"
          },
          {
            "c": "TOL"
          },
          {
            "d": "SYB"
          },
          {
            "d": "OCLCQ"
          },
          {
            "d": "STF"
          },
          {
            "d": "OCLCF"
          },
          {
            "d": "OCLCQ"
          },
          {
            "d": "OCLCO"
          },
          {
            "d": "UEJ"
          },
          {
            "d": "NLC"
          },
          {
            "d": "OCLCQ"
          },
          {
            "d": "TYC"
          },
          {
            "d": "OCLCQ"
          },
          {
            "d": "XFF"
          },
          {
            "d": "YUS"
          },
          {
            "d": "CHUNN"
          },
          {
            "d": "OCLCO"
          }
        ]
      }
    },
    {
      "050": {
        "ind1": "0",
        "ind2": "4",
        "subfields": [
          {
            "a": "LC43"
          },
          {
            "b": ".O6 1925"
          }
        ]
      }
    },
    {
      "055": {
        "ind1": "0",
        "ind2": "1",
        "subfields": [
          {
            "a": "LC43"
          }
        ]
      }
    },
    {
      "082": {
        "ind1": "0",
        "ind2": "4",
        "subfields": [
          {
            "a": "371.103"
          },
          {
            "b": "OPP"
          }
        ]
      }
    },
    {
      "100": {
        "ind1": "1",
        "ind2": "\\",
        "subfields": [
          {
            "a": "Oppenheimer, Julius John,"
          },
          {
            "d": "1890-"
          }
        ]
      }
    },
    {
      "245": {
        "ind1": "1",
        "ind2": "4",
        "subfields": [
          {
            "a": "The visiting teacher movement :"
          },
          {
            "b": "with special reference to administrative relationships /"
          },
          {
            "c": "by Julius John Oppenheimer, PH. D."
          }
        ]
      }
    },
    {
      "250": {
        "ind1": "\\",
        "ind2": "\\",
        "subfields": [
          {
            "a": "2d ed. ..."
          }
        ]
      }
    },
    {
      "260": {
        "ind1": "\\",
        "ind2": "\\",
        "subfields": [
          {
            "a": "New York :"
          },
          {
            "b": "Joint committee on methods of preventing delinquency,"
          },
          {
            "c": "1925."
          }
        ]
      }
    },
    {
      "300": {
        "ind1": "\\",
        "ind2": "\\",
        "subfields": [
          {
            "a": "xvii, 206 pages ;"
          },
          {
            "c": "23 cm."
          }
        ]
      }
    },
    {
      "336": {
        "ind1": "\\",
        "ind2": "\\",
        "subfields": [
          {
            "a": "text"
          },
          {
            "b": "txt"
          },
          {
            "2": "rdacontent"
          }
        ]
      }
    },
    {
      "337": {
        "ind1": "\\",
        "ind2": "\\",
        "subfields": [
          {
            "a": "unmediated"
          },
          {
            "b": "n"
          },
          {
            "2": "rdamedia"
          }
        ]
      }
    },
    {
      "338": {
        "ind1": "\\",
        "ind2": "\\",
        "subfields": [
          {
            "a": "volume"
          },
          {
            "b": "nc"
          },
          {
            "2": "rdacarrier"
          }
        ]
      }
    },
    {
      "490": {
        "ind1": "1",
        "ind2": "\\",
        "subfields": [
          {
            "a": "Joint committee on methods of preventing delinquency ;"
          },
          {
            "v": "no. 5"
          }
        ]
      }
    },
    {
      "500": {
        "ind1": "\\",
        "ind2": "\\",
        "subfields": [
          {
            "a": "\"Reprinted for the Public education association of the city of New York.\""
          }
        ]
      }
    },
    {
      "500": {
        "ind1": "\\",
        "ind2": "\\",
        "subfields": [
          {
            "a": "Published also as thesis (PH. D.) Columbia university, 1924."
          }
        ]
      }
    },
    {
      "504": {
        "ind1": "\\",
        "ind2": "\\",
        "subfields": [
          {
            "a": "Includes bibliographical references (pages 173-177)."
          }
        ]
      }
    },
    {
      "583": {
        "ind1": "1",
        "ind2": "\\",
        "subfields": [
          {
            "a": "committed to retain"
          },
          {
            "c": "20170930"
          },
          {
            "d": "20421231"
          },
          {
            "f": "HathiTrust"
          },
          {
            "5": "CtY"
          },
          {
            "z": "To help ensure preservation of print and digital collections, this title is retained by Yale University Library on behalf of the HathiTrust Shared Print Program."
          }
        ]
      }
    },
    {
      "650": {
        "ind1": "\\",
        "ind2": "0",
        "subfields": [
          {
            "a": "Visiting teachers."
          }
        ]
      }
    },
    {
      "650": {
        "ind1": "\\",
        "ind2": "7",
        "subfields": [
          {
            "a": "Visiting teachers."
          },
          {
            "2": "fast"
          },
          {
            "0": "(OCoLC)fst01167949"
          }
        ]
      }
    },
    {
      "776": {
        "ind1": "0",
        "ind2": "8",
        "subfields": [
          {
            "i": "Online version:"
          },
          {
            "a": "Oppenheimer, Julius John, 1890-"
          },
          {
            "t": "Visiting teacher movement."
          },
          {
            "b": "2d ed. .."
          },
          {
            "d": "New York, Joint committee on methods of preventing delinquency, 1925"
          },
          {
            "w": "(OCoLC)908772543"
          }
        ]
      }
    },
    {
      "810": {
        "ind1": "2",
        "ind2": "\\",
        "subfields": [
          {
            "a": "Joint Committee on Methods of Preventing Delinquency, New York."
          },
          {
            "t": "Publication ;"
          },
          {
            "v": "no. 5."
          }
        ]
      }
    },
    {
      "948": {
        "ind1": "\\",
        "ind2": "\\",
        "subfields": [
          {
            "h": "NO HOLDINGS IN NYRVC - 111 OTHER HOLDINGS"
          }
        ]
      }
    },
    {
      "994": {
        "ind1": "\\",
        "ind2": "\\",
        "subfields": [
          {
            "a": "Z0"
          },
          {
            "b": "NYRVC"
          }
        ]
      }
    },
    {
      "999": {
        "ind1": "\\",
        "ind2": "\\",
        "subfields": [
          {
            "a": "No barcode."
          }
        ]
      }
    }
  ]
}